% Encoding: UTF-8

@Article{neumark1992market,
  author    = {Neumark, David and Sharpe, Steven A.},
  journal   = {The Quarterly Journal of Economics},
  title     = {{Market structure and the nature of price rigidity: evidence from the market for consumer deposits}},
  year      = {1992},
  number    = {2},
  pages     = {657--680},
  volume    = {107},
  publisher = {MIT Press},
}

@Article{hutchison1995retail,
  author    = {Hutchison, David E.},
  journal   = {Journal of Money, Credit and Banking},
  title     = {{Retail bank deposit pricing: An intertemporal asset pricing approach}},
  year      = {1995},
  number    = {1},
  pages     = {217--231},
  volume    = {27},
  publisher = {JSTOR},
}

@Article{perera2018analysis,
  author    = {Perera, W. S. and others},
  journal   = {Asian Journal of Economics and Empirical Research},
  title     = {{An analysis of the behaviour of prime lending rates in sri lanka}},
  year      = {2018},
  number    = {2},
  pages     = {121--138},
  volume    = {5},
  publisher = {Asian Online Journal Publishing Group},
}

@Comment{jabref-meta: databaseType:bibtex;}
